@article{royStandardizedFrameworkAIassisted2024,
  title = {Towards a Standardized Framework for {{AI-assisted}}, Image-Based Monitoring of Nocturnal Insects},
  author = {Roy, D. B. and Alison, J. and August, T. A. and B{\'e}lisle, M. and Bjerge, K. and Bowden, J. J. and Bunsen, M. J. and Cunha, F. and Geissmann, Q. and Goldmann, K. and {Gomez-Segura}, A. and Jain, A. and Huijbers, C. and Larriv{\'e}e, M. and Lawson, J. L. and Mann, H. M. and Mazerolle, M. J. and McFarland, K. P. and Pasi, L. and Peters, S. and Pinoy, N. and Rolnick, D. and Skinner, G. L. and Strickson, O. T. and Svenning, A. and Teagle, S. and H{\o}ye, T. T.},
  year = {2024},
  month = may,
  journal = {Philosophical Transactions of the Royal Society B: Biological Sciences},
  volume = {379},
  number = {1904},
  pages = {20230108},
  publisher = {Royal Society},
  doi = {10.1098/rstb.2023.0108},
  urldate = {2025-04-24}
}

@article{geckelerFieldDeploymentBiodivX2025,
  title = {Field {{Deployment}} of {{BiodivX Drones}} in the {{Amazon Rainforest}} for {{Biodiversity Monitoring}}},
  author = {Geckeler, Christian and Kirchgeorg, Steffen and Strunck, Georg and Bendix Thostrup, Frederik and Sangermano, Florencia and Desiderato, Andrea and L{\"u}thi, Martina and Jucker, Meret and Adriana Gonzalez Herrera, Mailyn and {Franco-Sierra}, Nicol{\'a}s D. and {Pulido-Santacruz}, Paola and Jin Marc Chang, Jia and Cheong Aden Ip, Yin and M{\"a}chler, Elvira and Svenning, Asger and Mougeot, Guillaume and Thomas H{\o}ye, Toke and Fopp, Fabian and Pellissier, Loic and Dao, David and Deiner, Kristy and Melvad, Claus and Hamaza, Salua and Mintchev, Stefano},
  year = {2025},
  journal = {IEEE Transactions on Field Robotics},
  volume = {2},
  pages = {336--352},
  issn = {2997-1101},
  doi = {10.1109/TFR.2025.3574945},
  urldate = {2025-07-03}
}

@misc{svenningGeneralMethodDetection2025,
  title = {A {{General Method}} for {{Detection}} and {{Segmentation}} of {{Terrestrial Arthropods}} in {{Images}}},
  author = {Svenning, Asger and Mougeot, Guillaume and Alison, Jamie and Chevalier, Daphne and Molina, Nisa Chavez and Ong, Song-Quan and Bjerge, Kim and Carrillo, Juli and H{\o}ye, Toke Thomas and Geissmann, Quentin},
  year = {2025},
  month = apr,
  primaryclass = {New Results},
  pages = {2025.04.08.647223},
  publisher = {bioRxiv},
  doi = {10.1101/2025.04.08.647223},
  urldate = {2025-04-24},
  archiveprefix = {bioRxiv},
  chapter = {New Results},
  copyright = {{\copyright} 2025, Posted by Cold Spring Harbor Laboratory. This pre-print is available under a Creative Commons License (Attribution 4.0 International), CC BY 4.0, as described at http://creativecommons.org/licenses/by/4.0/},
  langid = {english}
}